@article{Shimizu:2012rt,
	archiveprefix = "arXiv",
	author = "Shimizu, Noritaka and Utsuno, Yutaka and Mizusaki, Takahiro and Honma, Michio and Tsunoda, Yusuke and others",
	doi = "10.1103/PhysRevC.85.054301",
	eprint = "1204.2626",
	journal = "Phys. Rev. C",
	pages = "054301",
	title = "{Variational procedure for nuclear shell-model calculations and energy-variance extrapolation}",
	volume = "85",
	year = "2012"
}

@book{shavitt2009many,
	author = "Shavitt, I. and Bartlett, R. J.",
	publisher = "Cambridge University Press",
	series = "{Cambridge Molecular Science}",
	title = "{Many-Body Methods in Chemistry and Physics: MBPT and Coupled-Cluster Theory}",
	year = "2009"
}

@article{PhysRevD.48.5863,
	author = "G{\l}azek, Stanis{\l}aw D. and Wilson, Kenneth G.",
	journal = "Phys. Rev. D",
	pages = "5863",
	title = "{Renormalization of {H}amiltonians}",
	volume = "48",
	year = "1993"
}

@article{Wegner200177,
	title = "Flow equations for Hamiltonians ",
	journal = "Physics Reports ",
	volume = "34 8",
	number = "1-2",
	pages = "77 - 89",
	year = "2001",
	note = "Renormalization group theory in the new millennium. \{II\} ",
	issn = "0370-1573",
	doi = "10.1016/S0370-1573(00)00136-8",
	url = "http://www.sciencedirect.com/science/article/pii/S0370157300001368",
	author = "Franz J. Wegner",
	keywords = "Renormalization",
	keywords = "Many-electron systems",
	keywords = "Superconductivity "
}

@article{PhysRevD.49.4214,
	author = "Glazek, Stanislaw D. and Wilson, Kenneth G.",
	journal = "Phys. Rev. D",
	pages = "4214",
	publisher = "American Physical Society",
	title = "{Perturbative renormalization group for Hamiltonians}",
	volume = "49",
	year = "1994"
}

@book{kehrein2006flow,
	author = "Kehrein, S.",
	publisher = "Springer",
	series = "{Springer Tracts in Modern Physics}",
	title = "{The Flow Equation Approach to Many-Particle Systems}",
	year = "2006"
}

@article{ScottSRG,
	author = "Anderson, E. R. and Bogner, S. K. and Furnstahl, R. J. and Perry, R. J.",
	journal = "Phys. Rev. C",
	pages = "054001",
        volume = "82",
	title = "{Operator Evolution via the Similarity Renormalization Group I: The Deuteron}",
	year = "2010"
}

@article{PhysRevC.75.061001,
	author = "Bogner, S. K. and Furnstahl, R. J. and Perry, R. J.",
	journal = "Phys. Rev. C",
	pages = "061001",
	publisher = "American Physical Society",
	title = "{Similarity renormalization group for nucleon-nucleon interactions}",
	volume = "75",
	year = "2007"
}

@article{SRGThreeDim,
	author = "{\AA}kerlund, O. and Lindgren, E.J. and Bergsten, J. and Grevholm, B. and Lerner, P. and Linscott, R. and Forssen, C. and Platter, L.",
	journal = "Eur. Phys. J. A",
	pages = "1",
	publisher = "Springer-Verlag",
	title = "{The similarity renormalization group for three-body interactions in one dimension}",
	volume = "47",
	year = "2011"
}

@article{Bogner200821,
	author = "Bogner, S.K. and Furnstahl, R.J. and Maris, P. and Perry, R.J. and Schwenk, A. and Vary, J.P.",
	journal = "Nucl. Phys. A",
	pages = "21",
	title = "{Convergence in the no-core shell model with low-momentum two-nucleon interactions}",
	volume = "801",
	year = "2008"
}

@article{PhysRevC.78.014003,
	author = "Jurgenson, E. D. and Bogner, S. K. and Furnstahl, R. J. and Perry, R. J.",
	journal = "Phys. Rev. C",
	pages = "014003",
	title = "{Decoupling in the similarity renormalization group for nucleon-nucleon forces}",
	volume = "78",
	year = "2008"
}

@article{White:cond-mat0201346,
	author = "White, S. R.",
	journal = "J. Chem. Phys.",
	title = "{A numerical canonical transformation approach to quantum many body problems}",
	volume = "117",
	year = "2002"
}

@article{IMSRG,
	author = "Hergert, H. and Bogner, S. K. and Binder, S. and Calci, S. and Langhammer, J. and Roth, R. and Schwenk, A.",
	journal = "Phys. Rev. C",
	title = "{In-Medium Similarity Renormalization Group with Chiral Two- Plus Three-Nucleon Interactions}",
	pages = "014003",
	volume = "78",
	year = "2012"
}

@phdthesis{Koshi,
	author = "Tsukiyama, K.",
	school = "Department of Physics, The University of Tokyo",
	title = "{In-Medium Similarity Renormalization Group for Nuclear Many-Body Systems}",
	year = "2011"
}

@article{PhysRevLett.106.222502,
	author = "Tsukiyama, K. and Bogner, S. K. and Schwenk, A.",
	journal = "Phys. Rev. Lett.",
	pages = "222502",
	title = "{In-Medium Similarity Renormalization Group For Nuclei}",
	volume = "106",
	year = "2011"
}

@book{hammond1994monte,
	author = "Hammond, B. L. and Lester, W. A. and Reynolds, P.J.",
	publisher = "World Scientific",
	series = "{World Scientific Lecture and Course Notes in Chemistry ; Vol. 1}",
	title = "{Monte Carlo Methods in Ab Initio Quantum Chemistry}",
	year = "1994"
}

@phdthesis{Nissenbaum2008,
	author = "Nissenbaum, Daniel Andres",
	optaddress = "Boston",
	school = "Northeastern University",
	title = "{The stochastic gradient approximation: an application to li nanoclusters}",
	year = "2008"
}

@book{nocedal2000numerical,
	title={Numerical Optimization},
	author={Nocedal, J. and Wright, S.},
	isbn={9780387987934},
	lccn={99013263},
	series={Springer Series in Operations Research and Financial Engineering},
	url={https://books.google.com/books?id=epc5fX0lqRIC},
	year={2000},
	publisher={Springer New York}
}

@book{vetterling2002numerical,
	author = "Vetterling, W.T.",
	publisher = "Cambridge University Press",
	series = "{Numerical recipes series}",
	title = "{Numerical Recipes Example Book (C++)}",
	year = "2002"
}

@article{PhysRev991,
	author = "Umrigar, C.J. and Nightingale, M.P. and Runge, K.J.",
	journal = "J. Chem. Phys.",
	title = "{A diffusion {M}onte {C}arlo algorithm with very small time-step errors}",
	volume = "99",
	year = "1993"
}

@article{persconf2,
	author = "Reynolds, P.J. and Ceperley, D.M. and Alder, B.J. and Lester, W.A.",
	journal = "J. Chem. Phys.",
	pages = "5593",
	title = "{}",
	volume = "77",
	year = "1982"
}

@misc{odesolver,
    author={Lawrence Shampine and Marilyn Gordon and John Burkardt},
    title={{ODE}: {Shampine} {and} {Gordon} {ODE} {Solver}},
    howpublished={\url{http://people.sc.fsu.edu/~jburkardt/c_src/ode/ode.html}},
    year={2012}
}

@book{shampine1975computer,
	author = "Shampine, L.F. and Gordon, M.K.",
	lccn = "lc74023246",
	publisher = "Freeman",
	title = "{Computer Solution of Ordinary Differential Equations: The Initial Value Problem}",
	year = "1975"
}

@article{Kvaal2007,
  author = {Kvaal, S. and Hjorth-Jensen, M. and M{\o}ll Nilsen, H.},
  title = {Effective interactions, large-scale diagonalization, and one-dimensional quantum dots},
  journal = {Phys. Rev. B},
  year = {2007},
  volume = {76},
  pages = {085421},
  doi = {10.1103/PhysRevB.76.085421}
}

@ARTICLE{2008arXiv0810.2644K,
   author = {{Kvaal}, S.},
    title = "{Open source FCI code for quantum dots and effective interactions}",
  journal = {ArXiv e-prints},
archivePrefix = "arXiv",
   eprint = {0810.2644},
 keywords = {Condensed Matter - Mesoscopic Systems and Quantum Hall Effect},
     year = 2008,
    month = oct,
   adsurl = {http://adsabs.harvard.edu/abs/2008arXiv0810.2644K},
  adsnote = {Provided by the SAO/NASA Astrophysics Data System}
}

@article{PhysRevB.84.115302,
	author = "{Pedersen Lohne}, M. and Hagen, G. and Hjorth-Jensen, M. and Kvaal, S. and Pederiva, F.",
	journal = "Phys. Rev. B",
	pages = "115302",
	title = "{\textit{Ab initio} computation of the energies of circular quantum dots}",
	volume = "84",
	year = "2011"
}

@mastersthesis{lohne2010coupled,
  title={Coupled-cluster studies of quantum dots},
  author={Lohne, Magnus Pedersen},
  year={2010},
  school={University of Oslo},
  url={https://www.duo.uio.no/handle/10852/10966}
}

@article{PhysRevA.48.3561,
	author = "Taut, M.",
	doi = "10.1103/PhysRevA.48.3561",
	journal = "Phys. Rev. A",
	pages = "3561",
	title = "{Two electrons in an external oscillator potential: Particular analytic solutions of a Coulomb correlation problem}",
	volume = "48",
	year = "1993"
}

@article{10.1088/0305-4470/27/3/040,
  author={M Taut},
  doi={10.1088/0305-4470/27/3/040},
  title={Two electrons in a homogeneous magnetic field: particular analytical solutions},
  journal={Journal of Physics A: Mathematical and General},
  volume={27},
  number={3},
  pages={1045},
  url={http://stacks.iop.org/0305-4470/27/i=3/a=040},
  year={1994},
  abstract={Particular analytical solutions of the two-dimensional Schrodinger equation are described for two electrons (interacting with Coulomb potentials) in a homogeneous magnetic field B and an external oscillator potential with frequency omega 0 . These exact solutions occur at an infinite and countable set of values of the quantity omega = square root ( omega 0 2 + 1/4 (B/c) 2 ). Additionally, approximate closed-form solutions for the limits of small omega (perturbation theory in the electron-electron interaction) and large omega (harmonic approximation) are discussed and compared with the exact solutions.}
}

@article{reimann2002,
	author = "Reimann, S. M. and Manninen, M.",
	journal = "Rev. Mod. Phys.",
	pages = 1238,
	title = "{Electronic structure of quantum dots}",
	volume = 74,
	year = 2002
}

@mastersthesis{reimann2013quantum,
  title={Quantum-mechanical systems in traps and Similarity Renormalization Group theory},
  author={Reimann, Sarah},
  year={2013},
  school={University of Oslo},
  url={https://www.duo.uio.no/handle/10852/37161}
}

@article{PhysRevB.80.045321,
	author = "Kvaal, Simen",
	doi = "10.1103/PhysRevB.80.045321",
	journal = "Phys. Rev. B",
	pages = "045321",
	title = "{Harmonic oscillator eigenfunction expansions, quantum dots, and effective interactions}",
	volume = "80",
	year = "2009"
}

@article{rontani:124102,
	author = "Rontani, Massimo and Cavazzoni, Carlo and Bellucci, Devis and Goldoni, Guido",
	collaboration = "",
	doi = "10.1063/1.2179418",
	journal = "J. Chem. Phys.",
	keywords = "semiconductor quantum dots; configuration interactions; strongly correlated electron systems; effective mass; wave functions; excited states",
	pages = "124102",
	title = "{Full configuration interaction approach to the few-electron problem in artificial atoms}",
	volume = "124",
	year = "2006"
}

@article{1377857,
	author = "Daniel, J. W. and Moore, R. E.",
	masid = "1377857",
	title = "{Computation and theory in ordinary differential equations}",
	year = "1970"
}

@book{hairer2011solving,
	author = "Hairer, E. and N{\o}rsett, S.P. and Wanner, G.",
	publisher = "Springer",
	series = "{Springer Series in Computational Mathematics}",
	title = "{Solving Ordinary Differential Equations I: Nonstiff Problems}",
	year = "2011"
}

@misc{C++,
	howpublished = "[Online]. \\Available: http://www.cplusplus.com/",
	title = "{{C}++ Language Tutorial - {C}++ Documentation}"
}

@misc{C++tutorial,
	howpublished = "[Online]. \\Available: http://www.tutorialspoint.com/cplusplus/",
	title = "{The {C}++ {P}rogramming {L}anguage}"
}

@article{ISI:A1981MN73700014,
	author = "Bartlett, R. J.",
	doi = "10.1146/annurev.pc.32.100181.002043",
	journal = "Annu. Rev. Phys. Chem.",
	pages = "359",
	title = "{Many-body perturbation-theory and Coupled Cluster Theory for electron correlation in molecules}",
	volume = "32",
	year = "1981"
}

@article{PhysRevLett.109.052501,
	author = "Roth, Robert and Binder, Sven and Vobig, Klaus and Calci, Angelo and Langhammer, Joachim and Navr{\'a}til, Petr",
	journal = "Phys. Rev. Lett.",
	pages = "052501",
	publisher = "American Physical Society",
	title = "{Medium-Mass Nuclei with Normal-Ordered Chiral $NN\mathbf{+}3N$ Interactions}",
	volume = "109",
	year = "2012"
}

@article{QUA:QUA21198,
	author = "Taube, Andrew G. and Bartlett, Rodney J.",
	journal = "International Journal of Quantum Chemistry",
	number = "15",
	pages = "3393--3401",
	publisher = "Wiley Subscription Services, Inc., A Wiley Company",
	title = "{New perspectives on unitary coupled-cluster theory}",
	volume = "106",
	year = "2006"
}

@article{engel1993,
	author = "Engel, Hans-Andreas and Golovach, Vitaly N. and Loss, Daniel and Vandersypen, L. M. K. and Elzerman, J. M. and Hanson, R. and Kouwenhoven, L. P.",
	doi = "10.1103/PhysRevLett.93.106804",
	journal = "Phys. Rev. Lett.",
	pages = "106804",
	title = "{Measurement Efficiency and $n$-Shot Readout of Spin Qubits}",
	volume = "93",
	year = "2004"
}

@article{tarucha1996,
	author = "Tarucha, S. and Austing, D. G. and Honda, T. and van der Hage, R. J. and Kouwenhoven, L. P.",
	doi = "10.1103/PhysRevLett.77.3613",
	journal = "Phys. Rev. Lett.",
	pages = "3613",
	title = "{Shell Filling and Spin Effects in a Few Electron Quantum Dot}",
	volume = "77",
	year = "1996"
}

@article{jenks:013111,
	author = "Jenks, Steven and Gilmore, Robert",
	journal = "Journal of Renewable and Sustainable Energy",
	pages = "013111",
	title = "{Quantum dot solar cell: Materials that produce two intermediate bands}",
	volume = "2",
	year = "2010"
}

@article{strauf2010,
	author = "Strauf, S. and Hennessy, K. and Rakher, M.T. and Choi, Y.-S. and Badolato, A. and Andreani, L. C. and Hu, E. L. and Petroff, P.M. and Bouwmeester, D.",
	doi = "10.1103/physrevlett.96.127404",
	journal = "Phys. Rev. Lett.",
	pages = "127404",
	title = "{Self-tuned quantum dot gain in photonic crystal lasers}",
	volume = "96",
	year = "2010"
}

@article{PhysRevA.57.120,
	author = "Loss, Daniel and DiVincenzo, David P.",
	doi = "10.1103/PhysRevA.57.120",
	journal = "Phys. Rev. A",
	pages = "120",
	title = "{Quantum computation with quantum dots}",
	volume = "57",
	year = "1998"
}

@article{Ben-Ari02042003,
	author = "Ben-Ari, Elia T.",
	doi = "10.1093/jnci",
	journal = "Journal of the National Cancer Institute",
	pages = "502",
	title = "{Nanoscale Quantum Dots Hold Promise for Cancer Applications}",
	volume = "95",
	year = "2003"
}

@article{PhysRevB.68.035304,
	author = "{G{\"u}\ifmmode \mbox\c{c}\else \c{c}\fi{}l{\"u}}, A. D. and Wang, Jian-Sheng and Guo, Hong",
	doi = "10.1103/PhysRevB.68.035304",
	journal = "Phys. Rev. B",
	pages = "035304",
	publisher = "American Physical Society",
	title = "{Disordered quantum dots:\quad{}A diffusion quantum Monte Carlo study}",
	volume = "68",
	year = "2003"
}

@article{PhysRevB.54.4780,
	author = "Bolton, F.",
	doi = "10.1103/PhysRevB.54.4780",
	journal = "Phys. Rev. B",
	pages = "4780",
	title = "{Fixed-phase quantum Monte Carlo method applied to interacting electrons in a quantum dot}",
	volume = "54",
	year = "1996"
}

@article{PhysRevB.62.8120,
	author = "Pederiva, Francesco and Umrigar, C. J. and Lipparini, E.",
	journal = "Phys. Rev. B",
	pages = "8120",
	title = "{Diffusion Monte Carlo study of circular quantum dots}",
	volume = "62",
	year = "2000"
}

@article{PhysRevLett.65.108,
	author = "Maksym, P. A. and Chakraborty, Tapash",
	doi = "10.1103/PhysRevLett.65.108",
	journal = "Phys. Rev. Lett.",
	pages = "108",
	title = "{Quantum dots in a magnetic field: Role of electron-electron interactions}",
	volume = "65",
	year = "1990"
}

@article{PhysRevB.56.6428,
	author = "Ezaki, T. and Mori, N. and Hamaguchi, C.",
	doi = "10.1103/PhysRevB.56.6428",
	journal = "Phys. Rev. B",
	pages = "6428",
	title = "{Electronic structures in circular, elliptic, and triangular quantum dots}",
	volume = "56",
	year = "1997"
}

@article{PhysRevB.67.045320,
	author = "Henderson, Thomas M. and Runge, Keith and Bartlett, Rodney J.",
	doi = "10.1103/PhysRevB.67.045320",
	journal = "Phys. Rev. B",
	pages = "045320",
	publisher = "American Physical Society",
	title = "{Excited states in artificial atoms via equation-of-motion coupled cluster theory}",
	volume = "67",
	year = "2003"
}

@article{heidari:114708,
	author = "Heidari, Ideh and Pal, Sourav and Pujari, B. S. and Kanhere, D. G.",
	collaboration = "",
	doi = "10.1063/1.2768523",
	journal = "J. Chem. Phys.",
	pages = "114708",
	title = "{Electronic structure of spherical quantum dots using coupled cluster method}",
	volume = "127",
	year = "2007"
}

@article{reynolds:5593,
	author = "Reynolds, Peter J. and Ceperley, David M. and Alder, Berni J. and Lester, William A.",
	doi = "10.1063/1.443766",
	journal = "J. Chem. Phys.",
	pages = "5593",
	publisher = "AIP",
	title = "{Fixed-node quantum Monte Carlo for molecules[sup a) b)]}",
	volume = "77",
	year = "1982"
}

@article{doi:10.1021/cr900289f,
	author = "Nozik, A. J. and Beard, M. C. and Luther, J. M. and Law, M. and Ellingson, R. J. and Johnson, J. C.",
	doi = "10.1021/cr900289f",
	journal = "Chem. Rev.",
	pages = "6873",
	title = "{Semiconductor Quantum Dots and Quantum Dot Arrays and Applications of Multiple Exciton Generation to Third-Generation Photovoltaic Solar Cells}",
	volume = "110",
	year = "2010"
}

@article{5075760,
	author = "Mi, Z. and Yang, Jun and Bhattacharya, Pallab and Qin, Guoxuan and Ma, Zhenqiang",
	doi = "10.1109/JPROC.2009.2014780",
	journal = "Proceedings of the IEEE",
	pages = "1239",
	title = "{High-Performance Quantum Dot Lasers and Integrated Optoelectronics on Si}",
	volume = "97",
	year = "2009"
}

@article{umrigar:2865,
	author = "Umrigar, C. J. and Nightingale, M. P. and Runge, K. J.",
	doi = "10.1063/1.465195",
	journal = "J. of Chem. Phys.",
	pages = "2865",
	title = "{A diffusion Monte Carlo algorithm with very small time-step errors}",
	volume = "99",
	year = "1993"
}

@book{abInitioMC,
	author = "Hammond, B.L. and {W. A. Lester}, Jr. and Reynolds, P. J.",
	publisher = "World Scientific Publishing Co.",
	title = "{Monte Carlo Methods in Ab Initio Quantum Chemistry}",
	year = "1994"
}

@article{pederiva2000,
	author = "Pederiva, Francesco and Umrigar, C. J. and Lipparini, E.",
	journal = "Phys. Rev. B",
	pages = "8120",
	volume = "62",
	year = "2000"
}

@article{JJAP.36.3924,
	author = "Eto, Mikio",
	title = "{Electronic Structures of Few Electrons in a Quantum Dot under Magnetic Fields}",
	journal = "Japanese Journal of Applied Physics",
	volume = "36",
	number = "6S",
	pages = "3924",
	year = "1997"
}

@article{HJORTHJENSEN1995125,
title = "Realistic effective interactions for nuclear systems",
journal = "Physics Reports",
volume = "261",
number = "3",
pages = "125 - 270",
year = "1995",
note = "",
issn = "0370-1573",
doi = "10.1016/0370-1573(95)00012-6",
url = "http://www.sciencedirect.com/science/article/pii/0370157395000126",
author = "Morten Hjorth-Jensen and Thomas T.S. Kuo and Eivind Osnes",
}

@article{HUGENHOLTZ1957481,
title = "Perturbation theory of large quantum systems",
journal = "Physica",
volume = "23",
number = "1",
pages = "481 - 532",
year = "1957",
note = "",
issn = "0031-8914",
doi = "10.1016/S0031-8914(57)92950-6",
url = "http://www.sciencedirect.com/science/article/pii/S0031891457929506",
author = "N.M. Hugenholtz",
}

@article{Hergert2016165,
title = "The In-Medium Similarity Renormalization Group: A novel ab initio method for nuclei ",
journal = "Physics Reports ",
volume = "621",
number = "",
pages = "165 - 222",
year = "2016",
note = "Memorial Volume in Honor of Gerald E. Brown ",
issn = "0370-1573",
doi = "10.1016/j.physrep.2015.12.007",
url = "https://doi.org/10.1016/j.physrep.2015.12.007",
author = "H. Hergert and S.K. Bogner and T.D. Morris and A. Schwenk and K. Tsukiyama",
eprint = "1512.06956"
}

@book{ram2002finite,
  title={Finite Element and Boundary Element Applications in Quantum Mechanics},
  author={Ram-Mohan, L. Ramdas},
  isbn={9780198525226},
  lccn={2002029011},
  series={Oxford texts in applied and engineering mathematics},
  url={https://books.google.com/books?id=8YlPGXvBhIYC},
  year={2002},
  publisher={Oxford University Press},
  place={Oxford}
}

@book{helgaker2000molecular,
  title={Molecular electronic-structure theory},
  author={Helgaker, T. and J{\o}rgensen, P. and Olsen, J.},
  isbn={9780471967552},
  lccn={99041794},
  url={https://books.google.com/books?id=2G8vAQAAIAAJ},
  year={2000},
  publisher={Wiley},
  place={Chichester}
}

@article{PhysRevC.92.034331,
  title = {Magnus expansion and in-medium similarity renormalization group},
  author = {Morris, T. D. and Parzuchowski, N. M. and Bogner, S. K.},
  journal = {Phys. Rev. C},
  volume = {92},
  issue = {3},
  pages = {034331},
  numpages = {12},
  year = {2015},
  month = {Sep},
  publisher = {American Physical Society},
  doi = {10.1103/PhysRevC.92.034331},
  url = {http://link.aps.org/doi/10.1103/PhysRevC.92.034331}
}

@article{0953-8984-10-3-013,
  author={E Anisimovas and A Matulis},
  title={Energy spectra of few-electron quantum dots},
  journal={Journal of Physics: Condensed Matter},
  volume={10},
  number={3},
  pages={601},
  doi={10.1088/0953-8984/10/3/013},
  url={https://doi.org/10.1088/0953-8984/10/3/013},
  year={1998},
  abstract={We present the renormalized perturbation series for the energy spectra of parabolic quantum dots with two to five electrons, taking into consideration the ground and the lowest excited states. A complete classification of asymptotic energy levels is performed and the behaviour of energy levels from the quantum to the semiclassical regime is traced. Comparison between the present results and those from exact numerical Hamiltonian diagonalization indicates a fair accuracy of the proposed method over the whole range of the electron-electron coupling constant and magnetic field values. The results obtained indicate that increasing the number of electrons in a dot leads to more classical behaviour of the system.}
}

@mastersthesis{hoegberget2013thesis,
  title={Quantum {Monte}-{Carlo} {Studies} of {Generalized} {Many}-body {Systems}},
  author={H{\o}gberget, J{\o}rgen},
  year={2013},
  school={University of Oslo},
  url={https://www.duo.uio.no/handle/10852/37167}
}

@misc{NIST:DLMF,
         key = "{\relax DLMF}",
       title = "{\it NIST Digital Library of Mathematical Functions}",
howpublished = "http://dlmf.nist.gov/, Release 1.0.14 of 2016-12-21",
         url = "http://dlmf.nist.gov/",
        note = "F.~W.~J. Olver, A.~B. {Olde Daalhuis}, D.~W. Lozier, B.~I. Schneider,
                R.~F. Boisvert, C.~W. Clark, B.~R. Miller and B.~V. Saunders, eds.",
        year = 2016 }

@article{PhysRev.80.268,
  title = {The Evaluation of the Collision Matrix},
  author = {Wick, G. C.},
  journal = {Phys. Rev.},
  volume = {80},
  issue = {2},
  pages = {268--272},
  numpages = {0},
  year = {1950},
  month = {Oct},
  publisher = {American Physical Society},
  doi = {10.1103/PhysRev.80.268},
  url = {http://link.aps.org/doi/10.1103/PhysRev.80.268}
}

@article{PhysRevC.95.044304,
  title = {Ab initio},
  author = {Parzuchowski, N. M. and Morris, T. D. and Bogner, S. K.},
  journal = {Phys. Rev. C},
  volume = {95},
  issue = {4},
  pages = {044304},
  numpages = {15},
  year = {2017},
  month = {Apr},
  publisher = {American Physical Society},
  doi = {10.1103/PhysRevC.95.044304},
  url = {https://link.aps.org/doi/10.1103/PhysRevC.95.044304}
}

@mastersthesis{olsen2013thesis,
  title={Full {Configuration} {Interaction} {Simulation} of {Quantum} {Dots}},
  author={Olsen, Veronica K. Berglyd},
  year={2013},
  school={University of Oslo},
  url={https://www.duo.uio.no/handle/10852/34217}
}

@article{PhysRevLett.110.242501,
  archiveprefix = "arXiv",
  title = {Ab Initio},
  author = {Hergert, H. and Binder, S. and Calci, A. and Langhammer, J. and Roth, R.},
  journal = {Phys. Rev. Lett.},
  volume = {110},
  issue = {24},
  pages = {242501},
  numpages = {6},
  year = {2013},
  month = {Jun},
  publisher = {American Physical Society},
  doi = {10.1103/PhysRevLett.110.242501},
  url = {http://doi.org/10.1103/PhysRevLett.110.242501},
  eprint = {1302.7294}
}

@article{PhysRevC.90.041302,
  archiveprefix = "arXiv",
  title = {Ab initio},
  author = {Hergert, H. and Bogner, S. K. and Morris, T. D. and Binder, S. and Calci, A. and Langhammer, J. and Roth, R.},
  journal = {Phys. Rev. C},
  volume = {90},
  issue = {4},
  pages = {041302},
  numpages = {6},
  year = {2014},
  month = {Oct},
  publisher = {American Physical Society},
  doi = {10.1103/PhysRevC.90.041302},
  url = {http://doi.org/10.1103/PhysRevC.90.041302},
  eprint = {1408.6555}
}

@article{doi:10.1063/1.474405,
author = {Werner Kutzelnigg and Debashis Mukherjee},
title = {Normal order and extended Wick theorem for a multiconfiguration reference wave function},
journal = {The Journal of Chemical Physics},
volume = {107},
number = {2},
pages = {432-449},
year = {1997},
doi = {10.1063/1.474405},
URL = {http://doi.org/10.1063/1.474405}
}

@ARTICLE{2016arXiv161100661P,
   author = {{Parzuchowski}, N.~M. and {Morris}, T.~D. and {Bogner}, S.~K.
	},
    title = "{Ab Initio Excited States from the In-Medium Similarity Renormalization Group}",
  journal = {ArXiv e-prints},
archivePrefix = "arXiv",
   eprint = {1611.00661},
 primaryClass = "nucl-th",
 keywords = {Nuclear Theory},
     year = 2016,
    month = nov,
   adsurl = {http://adsabs.harvard.edu/abs/2016arXiv161100661P},
  adsnote = {Provided by the SAO/NASA Astrophysics Data System}
}

@article{PhysRevC.69.054320,
title = {Coupled-cluster approach to nuclear physics},
author = {Dean, D. J. and Hjorth-Jensen, M.},
journal = {Phys. Rev. C},
volume = {69},
issue = {5},
pages = {054320},
numpages = {14},
year = {2004},
month = {May},
publisher = {American Physical Society},
doi = {10.1103/PhysRevC.69.054320},
url = {https://link.aps.org/doi/10.1103/PhysRevC.69.054320}
}

@article{RevModPhys.79.291,
title = {Coupled-cluster theory in quantum chemistry},
author = {Bartlett, Rodney J. and Musia\l{}, Monika},
journal = {Rev. Mod. Phys.},
volume = {79},
issue = {1},
pages = {291--352},
numpages = {0},
year = {2007},
month = {Feb},
publisher = {American Physical Society},
doi = {10.1103/RevModPhys.79.291},
url = {https://link.aps.org/doi/10.1103/RevModPhys.79.291}
}

@article{0034-4885-77-9-096302,
author = {G Hagen and T Papenbrock and M Hjorth-Jensen and D J Dean},
title = {Coupled-cluster computations of atomic nuclei},
journal = {Reports on Progress in Physics},
volume = {77},
issue = {9},
pages = {096302},
url = {https://stacks.iop.org/0034-4885/77/i=9/a=096302},
year = {2014}
}

@book{lnp936,
author="Hjorth-Jensen, Morten and Lombardo, Maria Paola and van Kolck, Ubirajara",
editor="Hjorth-Jensen, Morten and Lombardo, Maria Paola and van Kolck, Ubirajara",
title="An Advanced Course in Computational Nuclear Physics: Bridging the Scales from Quarks to Neutron Stars",
series={Lecture Notes in Physics},
year="2017",
publisher="Springer International Publishing",
address="Cham",
pages="1--4",
isbn="978-3-319-53336-0",
doi="10.1007/978-3-319-53336-0_1",
url="http://dx.doi.org/10.1007/978-3-319-53336-0_1"
}

@article{10.2307/43633451,
 ISSN = {0033569X, 15524485},
 URL = {http://www.jstor.org/stable/43633451},
 author = {KENNETH LEVENBERG},
 journal = {Quarterly of Applied Mathematics},
 number = {2},
 pages = {164-168},
 publisher = {Brown University},
 title = {A METHOD FOR THE SOLUTION OF CERTAIN NON-LINEAR PROBLEMS IN LEAST SQUARES},
 volume = {2},
 year = {1944}
}

@article{doi:10.1137/0111030,
author = {Donald W. Marquardt},
title = {An Algorithm for Least-Squares Estimation of Nonlinear Parameters},
journal = {Journal of the Society for Industrial and Applied Mathematics},
volume = {11},
number = {2},
pages = {431-441},
year = {1963},
doi = {10.1137/0111030},
URL = {https://doi.org/10.1137/0111030},
eprint = {https://doi.org/10.1137/0111030}
}

@Inbook{More1978,
author="Mor{\'e}, Jorge J.",
editor="Watson, G. A.",
title="The Levenberg-Marquardt algorithm: Implementation and theory",
bookTitle="Numerical Analysis: Proceedings of the Biennial Conference Held at Dundee, June 28--July 1, 1977",
year="1978",
publisher="Springer Berlin Heidelberg",
address="Berlin, Heidelberg",
pages="105--116",
isbn="978-3-540-35972-2",
doi="10.1007/BFb0067700",
url="http://dx.doi.org/10.1007/BFb0067700"
}

@techreport{More:126569,
      author        = "Mor{\'e}, J J and Garbow, B S and Hillstrom, K E",
      title         = "{User guide for MINPACK-1}",
      institution   = "Argonne Nat. Lab.",
      address       = "Argonne, IL",
      number        = "ANL-80-74",
      month         = "Aug",
      year          = "1980",
      url           = "http://www.mcs.anl.gov/~more/ANL8074b.pdf",
}

@article{PhysRevC.85.061304,
  title = {In-medium similarity renormalization group for open-shell nuclei},
  author = {Tsukiyama, K. and Bogner, S. K. and Schwenk, A.},
  journal = {Phys. Rev. C},
  volume = {85},
  pages = {061304},
  year = {2012},
  publisher = {American Physical Society},
  doi = {10.1103/PhysRevC.85.061304},
  url = {https://link.aps.org/doi/10.1103/PhysRevC.85.061304}
}

@article{PhysRevC.84.044306,
  title = {Testing the density matrix expansion against ab initio calculations of trapped neutron drops},
  author = {Bogner, S. K. and Furnstahl, R. J. and Hergert, H. and Kortelainen, M. and Maris, P. and Stoitsov, M. and Vary, J. P.},
  journal = {Phys. Rev. C},
  volume = {84},
  pages = {044306},
  year = {2011},
  publisher = {American Physical Society},
  doi = {10.1103/PhysRevC.84.044306},
  url = {https://link.aps.org/doi/10.1103/PhysRevC.84.044306}
}
